@misc {bib:tc,
	title = {{Tiny Core Linux}},
	note = "\url{http://tinycorelinux.net/}",
}
